@Comment To create mydocument.pdf, compile with following commands:
@Comment $ pdflatex mydocument.tex
@Comment $ bibtex mydocument.aux
@Comment $ pdflatex mydocument.tex
@Comment $ pdflatex mydocument.tex

\usepackage{url} %formatting for URL's

@ARTICLE{Aikio:2004,
   author = {{Aikio}, A. and {Mursula}, K. and {Buchert}, S. and {Forme}, F. and 
	{Amm}, O. and {Marklund}, G. and {Dunlop}, M. and {Fontaine}, D. and 
	{Vaivads}, A. and {Fazakerley}, A.},
    title = "{Temporal evolution of two auroral arcs as measured by the Cluster satellite and coordinated ground-based instruments}",
  journal = {Annales Geophysicae},
    month = Dec,
     year = 2004,
   volume = {22},
    pages = {4089-4101},
      doi = {10.5194/angeo-22-4089-2004},
   adsurl = {http://adsabs.harvard.edu/abs/2004AnGeo..22.4089A},
  adsnote = {Provided by the SAO/NASA Astrophysics Data System}
}

@MISC{AthenaSite,
   title= {Athena MHD Code Project},
   author = {{Stone}, J. and {Gardner}, T. and {Teuben}, P.},
   month = Dec,
   year = 2010,
   howpublished = {\url{https://trac.princeton.edu/Athena/}}
   }

@ARTICLE{Balsara:1999,
   author = {{Balsara}, D.~S. and {Spicer}, D.~S.},
    title = "{A Staggered Mesh Algorithm Using High Order Godunov Fluxes to Ensure Solenoidal Magnetic Fields in Magnetohydrodynamic Simulations}",
  journal = jcomp,
     year = 1999,
    month = mar,
   volume = 149,
    pages = {270-292},
      doi = {10.1006/jcph.1998.6153},
   adsurl = {http://adsabs.harvard.edu/abs/1999JCoPh.149..270B},
  adsnote = {Provided by the SAO/NASA Astrophysics Data System}
}

@ARTICLE{Barmin:1996,
   author = {{Barmin}, A.~A. and {Kulikovskiy}, A.~G. and {Pogorelov}, N.~V.},
    title = "{Shock-Capturing Approach and Nonevolutionary Solutions in Magnetohydrodynamics}",
  journal = jcomp,
     year = 1996,
   volume = {126},
    pages = {77-90},
}

@ARTICLE{Batten:1997,
   author = {{Batten}, P. and {Clarke}, N. and {Lambert}, C. and {Causon} D.~M.},
    title = "{On the choice of wave speeds for the HLLC Riemann solver}",
  journal = {SIAM J. Sci. and Stat. Comp.},
     year = 1997,
   volume = 18,
    pages = {1553-1570},
      doi = {10.1137/S1064827593260140},
}

@ARTICLE{Boris:1973,
   author = {{Boris}, J.~P. and {Book}, D.~L.},
    title = "{Flux-Corrected Transport I. SHASTA, A Fluid Transport Algorithm That Works}",
  journal = jcomp,
     year = 1973,
   volume = {11},
    pages = {38-69},
}

@ARTICLE{Brackbill:1980,
   author = {{Brackbill}, J.~U. and {Barnes}, D.~C.},
    title = "{The effect of nonzero product of magnetic gradient and B on the numerical solution of the magnetohydrodynamic equations}",
  journal = jcomp,
     year = 1980,
    month = May,
   volume = {35},
    pages = {426-430},
      doi = {10.1016/0021-9991(80)90079-0},
   adsurl = {http://adsabs.harvard.edu/abs/1980JCoPh..35..426B},
  adsnote = {Provided by the SAO/NASA Astrophysics Data System}
}

@BOOK{Brekke:1997,
   title= {Physics of the Upper Polar Atmosphere},
   author = {{Brekke}, A.},
   publisher = {John Wiley \& Sons, Inc.},
   edition = {1st},
   year = 1997
   }

@ARTICLE{Brio:1988,
   author = {{Brio}, M. and {Wu}, C.~C.},
    title = "{An upwind differencing scheme for the equations of ideal magnetohydrodynamics}",
  journal = jcomp,
     year = 1988,
    month = Apr,
   volume = {75},
    pages = {400-422},
      doi = {10.1016/0021-9991(88)90120-9},
   adsurl = {http://adsabs.harvard.edu/abs/1988JCoPh..75..400B},
  adsnote = {Provided by the SAO/NASA Astrophysics Data System}
}

@ARTICLE{Colella:1984,
   author = {{Colella}, P. and {Woodward}, P.~R.},
    title = "{The Piecewise Parabolic Method (PPM) for Gas-Dynamical Simulations}",
  journal = jcomp,
     year = 1984,
    month = sep,
   volume = 54,
    pages = {174-201},
      doi = {10.1016/0021-9991(84)90143-8},
   adsurl = {http://adsabs.harvard.edu/abs/1984JCoPh..54..174C},
  adsnote = {Provided by the SAO/NASA Astrophysics Data System}
}
@ARTICLE{Chao:1993,
   author = {{Chao}, J.~K. and {Lyu}, L.~H. and {Wu}, B.~H. and {Lazarus}, A.~J. and {Chang}, T.~S. and {Lepping}, R.~P.},
    title = "{Observations of an intermediate shock in interplanetary space}",
  journal = {J. Geophys. Res.},
     year = 1993,
    month = Oct,
   volume = {98},
    pages = {17443-17450},
}

@ARTICLE{Chaston:2006,
   author = {{Chaston}, C.~C. and {Genot}, V. and {Bonnell}, J.~W. and {Carlson}, C.~W. and 
	{McFadden}, J.~P. and {Ergun}, R.~E. and {Strangeway}, R.~J. and 
	{Lund}, E.~J. and {Hwang}, K.~J.},
    title = "{Ionospheric erosion by Alfv{\'e}n waves}",
  journal = {Journal of Geophysical Research (Space Physics)},
    month = Mar,
     year = 2006,
   volume = {111},
   number = {A10},
    pages = {3206},
      doi = {10.1029/2005JA011367},
   adsurl = {http://adsabs.harvard.edu/abs/2006JGRA..11103206C},
  adsnote = {Provided by the SAO/NASA Astrophysics Data System}
}

@ARTICLE{Chaston:2007,
   author = {{Chaston}, C.~C. and {Hull}, A.~J. and {Bonnell}, J.~W. and 
	{Carlson}, C.~W. and {Ergun}, R.~E. and {Strangeway}, R.~J. and 
	{McFadden}, J.~P.},
    title = "{Large parallel electric fields, currents, and density cavities in dispersive Alfv{\'e}n waves above the aurora}",
  journal = {Journal of Geophysical Research (Space Physics)},
    month = May,
     year = 2007,
   volume = {112},
   number = {A11},
    pages = {5215},
      doi = {10.1029/2006JA012007},
   adsurl = {http://adsabs.harvard.edu/abs/2007JGRA..11205215C},
  adsnote = {Provided by the SAO/NASA Astrophysics Data System}
}

@ARTICLE{Dai:1994a,
   author = {{Dai}, W. and {Woodward}, P.~R.},
    title = "{An approximate Riemann solver for ideal magnetohydrodynamics}",
  journal = jcomp,
     year = 1994,
    month = apr,
   volume = 111,
    pages = {354-372},
      doi = {10.1006/jcph.1994.1069},
   adsurl = {http://adsabs.harvard.edu/abs/1994JCoPh.111..354D},
  adsnote = {Provided by the SAO/NASA Astrophysics Data System}
}

@ARTICLE{Dai:1994b,
   author = {{Dai}, W. and {Woodward}, P.~R.},
    title = "{Extension of the Piecewise Parabolic Method to Multidimensional Ideal Magnetohydrodynamics}",
  journal = jcomp,
     year = 1994,
    month = dec,
   volume = 115,
    pages = {485-514},
      doi = {10.1006/jcph.1994.1212},
   adsurl = {http://adsabs.harvard.edu/abs/1994JCoPh.115..485D},
  adsnote = {Provided by the SAO/NASA Astrophysics Data System}
}

@ARTICLE{Dai:1998,
   author = {{Dai}, W. and {Woodward}, P.~R.},
    title = "{On the Divergence-free Condition and Conservation Laws in Numerical Simulations for Supersonic Magnetohydrodynamic Flows}",
  journal = apj,
     year = 1998,
    month = feb,
   volume = 494,
    pages = {317},
      doi = {10.1086/305176},
   adsurl = {http://adsabs.harvard.edu/abs/1998ApJ...494..317D},
  adsnote = {Provided by the SAO/NASA Astrophysics Data System}
}

@ARTICLE{Davis:1988,
   author = {{Davis}, S.~F.},
    title = "{Simplified second-order Godunov-type methods}",
  journal = {SIAM J. Sci. and Stat. Comput.},
     year = 1988,
   volume = 9,
    pages = {445-473},
      doi = {10.1016/0021-9991(91)90211-3},
}

@ARTICLE{Denton:2007,
   author = {{Denton}, R.~E. and {Rogers}, B. and {Lotko}, W.},
    title = "{Reduced magnetohydrodynamic equations with coupled Alfv{\'e}n and sound wave dynamics.}",
  journal = {Physics of Plasmas},
    month = Aug,
     year = 2007,
   volume = {14},
}

@ARTICLE{DeSterck:1998,
   author = {{de Sterck}, H. and {Low}, B.~C. and {Poedts}, S.},
    title = "{Complex magnetohydrodynamic bow shock topology in field-aligned low-{$\beta$} flow around a perfectly conducting cylinder}",
  journal = {Physics of Plasmas},
     year = 1998,
    month = nov,
   volume = 5,
    pages = {4015-4027},
      doi = {10.1063/1.873124},
   adsurl = {http://adsabs.harvard.edu/abs/1998PhPl....5.4015D},
  adsnote = {Provided by the SAO/NASA Astrophysics Data System}
}

@ARTICLE{DeSterck:2000,
   author = {{de Sterck}, H. and {Poedts}, S.},
    title = "{Intermediate Shocks in Three-Dimensional Magnetohydrodynamic Bow-Shock Flows with Multiple Interacting Shock Fronts}",
  journal = {Physical Review Letters},
     year = 2000,
    month = jun,
   volume = 84,
    pages = {5524-5527},
      doi = {10.1103/PhysRevLett.84.5524},
   adsurl = {http://adsabs.harvard.edu/abs/2000PhRvL..84.5524D},
  adsnote = {Provided by the SAO/NASA Astrophysics Data System}
}

@ARTICLE{Devore:1991,
   author = {{DeVore}, C.~R.},
    title = "{Flux-corrected transport techniques for multidimensional compressible magnetohydrodynamics}",
  journal = jcomp,
     year = 1991,
    month = jan,
   volume = 92,
    pages = {142-160},
      doi = {10.1016/0021-9991(91)90295-V},
   adsurl = {http://adsabs.harvard.edu/abs/1991JCoPh..92..142D},
  adsnote = {Provided by the SAO/NASA Astrophysics Data System}
}

@ARTICLE{Einfeldt:1988,
   author = {{Einfeldt}, B.},
    title = "{On Godunov-Type Methods for Gas Dynamics}",
  journal = {SIAM J. Numer. Anal.},
   eprint = {arXiv:astro-ph/9510115},
     year = 1988,
   volume = 25,
    pages = {294-318},
      doi = {10.1137/0725021},
}

@ARTICLE{Einfeldt:1991,
   author = {{Einfeldt}, B. and {Roe}, P.~L. and {Munz}, C.~D. and {Sjogreen}, B.},
    title = "{On Godunov-type methods near low densities}",
  journal = jcomp,
 keywords = {Cauchy Problem, Compressible Flow, Computational Fluid Dynamics, Inviscid Flow, Kinetic Energy, Low Density Flow, Conservation Laws, Error Analysis, Flux Density, Gas Dynamics},
     year = 1991,
    month = feb,
   volume = 92,
    pages = {273-295},
      doi = {10.1016/0021-9991(91)90211-3},
   adsurl = {http://adsabs.harvard.edu/abs/1991JCoPh..92..273E},
  adsnote = {Provided by the SAO/NASA Astrophysics Data System}
}

@ARTICLE{Evans:1988,
   author = {{Evans}, C.~R. and {Hawley}, J.~F.},
    title = "{Simulation of magnetohydrodynamic flows - A constrained transport method}",
  journal = apj,
     year = 1988,
    month = sep,
   volume = 332,
    pages = {659-677},
      doi = {10.1086/166684},
   adsurl = {http://adsabs.harvard.edu/abs/1988ApJ...332..659E},
  adsnote = {Provided by the SAO/NASA Astrophysics Data System}
}


@ARTICLE{Falle:2001,
   author = {{Falle}, S.~A.~E.~G. and {Komissarov}, S.~S.},
    title = "{On the Inadmissibility of Non-evolutionary Shocks}",
  journal = {J. Plasma Phys.},
   eprint = {physics/9904035},
 keywords = {Plasma Physics, Fluid Dynamics},
     year = 2001,
   volume = 92,
    pages = {29-56},
   adsurl = {http://adsabs.harvard.edu/abs/1999physics...4035F},
  adsnote = {Provided by the SAO/NASA Astrophysics Data System}
}

@ARTICLE{Feng:2008,
   author = {{Feng}, H. and {Wang}, J.~M},
    title = "{Observations of a $2 \rightarrow 3$ type interplanetary intermediate shock}",
  journal = {Solar Phys.},
     year = 2008,
    month = Nov,
   volume = {247},
    pages = {195-201},
}

@BOOK{FCT:2005,
   title= {Flux-Corrected Transport},
   author = {{Kuzmin}, D. and {L\"{o}hner}, R. and {Turek}, S.},
   publisher = {Springer},
   edition = {1st},
   year = 2005
   }

@ARTICLE{Frank:1996,
   author = {{Frank}, A. and {Jones}, T.~W. and {Ryu}, D. and {Gaalaas}, J.~B.},
    title = "{The Magnetohydrodynamic Kelvin-Helmholtz Instability: A Two-dimensional Numerical Study}",
  journal = apj,
   eprint = {arXiv:astro-ph/9510115},
 keywords = {INSTABILITIES, METHODS: NUMERICAL, MAGNETOHYDRODYNAMICS: MHD, TURBULENCE},
     year = 1996,
    month = apr,
   volume = 460,
    pages = {777},
      doi = {10.1086/177009},
   adsurl = {http://adsabs.harvard.edu/abs/1996ApJ...460..777F},
  adsnote = {Provided by the SAO/NASA Astrophysics Data System}
}

@ARTICLE{Gardiner:2005,
   author = {{Gardiner}, T.~A. and {Stone}, J.~M.},
    title = "{An unsplit Godunov method for ideal MHD via constrained transport}",
  journal = {Journal of Computational Physics},
   eprint = {astro-ph/0501557},
     year = 2005,
    month = may,
   volume = 205,
    pages = {509-539},
      doi = {10.1016/j.jcp.2004.11.016},
   adsurl = {http://adsabs.harvard.edu/abs/2005JCoPh.205..509G},
  adsnote = {Provided by the SAO/NASA Astrophysics Data System}
}

@ARTICLE{Genot:2000,
   author = {{G{\'e}not}, V. and {Louarn}, P. and {Mottez}, F.},
    title = "{Electron acceleration by Alfv{\'e}n waves in density cavities}",
  journal = {J. Geophys. Res.},
    month = Dec,
     year = 2000,
   volume = {105},
    pages = {27611-27620},
      doi = {10.1029/1999JA000341},
   adsurl = {http://adsabs.harvard.edu/abs/2000JGR...10527611G},
  adsnote = {Provided by the SAO/NASA Astrophysics Data System}
}

@ARTICLE{Harten:1983,
   author = {{Harten}, A.},
    title = "{High resolution schemes for hyperbolic conservation laws}",
  journal = jcomp,
     year = 1983,
   volume = {49},
    pages = {357-393},
}

@BOOK{Jackson:1999,
   title= {Classical Electrodynamics},
   author = {{Jackson}, J.~D.},
   publisher = {John Wiley \& Sons, Inc.},
   edition = {3rd},
   year = 1999
   }

@BOOK{Jeffrey:1964,
   author = {{Jeffrey}, A. and {Taniuti}, T.},
    title = "{Non-linear wave propagation}",
booktitle = {Mathematics in Science and Engineering, New York: Academic Press, 1964},
     year = 1964,
   adsurl = {http://adsabs.harvard.edu/abs/1964nlwp.book.....J},
  adsnote = {Provided by the SAO/NASA Astrophysics Data System}
}

@BOOK{Jeffrey:1966,
   title= {Magnetohydrodynamics},
   author = {{Jeffrey}, A.},
   publisher = {London: Oliver \& Boyd},
   year = 1966
   }

@BOOK{Landau:1984,
   author = {{Landau}, L.~D. and {Lifshitz}, E.~M. and {Pitaevskii}, L.~P.},
    title = "{Electrodynamics of continuous media}",
booktitle = {Energy Conversion Management},
   edition = {3rd},
     year = 1984,
   adsurl = {http://adsabs.harvard.edu/abs/1960ecm..book.....L},
  adsnote = {Provided by the SAO/NASA Astrophysics Data System}
}

@ARTICLE{Lapidus:1967,
   author = {{Lapidus}, A.},
    title = "{A detached shock calculation by second order finite-differences}",
  journal = jcomp,
    month = Nov,
     year = 1967,
   volume = {2},
    pages = {154-177},
}

@ARTICLE{Lohner:1985,
   author = {{L{\"o}hner}, R. and {Morgan}, K. and {Zienkiewicz}, O.~C.},
    title = "{An adaptive finite element procedure for compressible high speed flows}",
  journal = {Computer Methods in Applied Mechanics and Engineering},
    month = Sep,
     year = 1985,
   volume = {51},
    pages = {441-465},
}

@BOOK{Lohner:2001,
   title= {Applied CFD Techniques: An Introduction Based on Finite Element Methods},
   author = {{L{\"o}hner}, R.},
   publisher = {Wiley},
   edition = {1st},
   year = 2001
   }

@ARTICLE{Londrillo:2000,
   author = {{Londrillo}, P. and {Del Zanna}, L.},
    title = "{High-Order Upwind Schemes for Multidimensional Magnetohydrodynamics}",
  journal = apj,
   eprint = {arXiv:astro-ph/9910086},
 keywords = {METHODS: NUMERICAL, MAGNETOHYDRODYNAMICS: MHD},
     year = 2000,
    month = feb,
   volume = 530,
    pages = {508-524},
      doi = {10.1086/308344},
   adsurl = {http://adsabs.harvard.edu/abs/2000ApJ...530..508L},
  adsnote = {Provided by the SAO/NASA Astrophysics Data System}
}

@ARTICLE{Lyons:1992,
   author = {{Lyons}, L.~R.},
    title = "{Formation of auroral arcs via magnetosphere-ionosphere coupling}",
  journal = {Reviews of Geophysics},
    month = May,
     year = 1992,
   volume = {30},
    pages = {93-112},
   adsurl = {http://adsabs.harvard.edu/abs/1992RvGeo..30...93L},
  adsnote = {Provided by the SAO/NASA Astrophysics Data System}
}

@ARTICLE{Miyoshi:2005,
   author = {{Miyoshi}, T. and {Kusano}, K.},
    title = "{A multi-state HLL approximate Riemann solver for ideal MHD}",
  journal = jcomp,
    month = May,
     year = 2005,
   volume = {208},
    pages = {315-344},
}

@ARTICLE{Orszag:1979,
   author = {{Orszag}, S.~A. and {Tang}, C.-M.},
    title = "{Small-scale structure of two-dimensional magnetohydrodynamic turbulence}",
  journal = {Journal of Fluid Mechanics},
     year = 1979,
    month = jan,
   volume = 90,
    pages = {129-143},
      doi = {10.1017/S002211207900210X},
   adsurl = {http://adsabs.harvard.edu/abs/1979JFM....90..129O},
  adsnote = {Provided by the SAO/NASA Astrophysics Data System}
}

@ARTICLE{Powell:1999,
   author = {{Powell}, K.~G. and {Roe}, P.~L. and {Linde}, T.~J. and {Gombosi}, T.~I. and 
	{de Zeeuw}, D.~L.},
    title = "{A Solution-Adaptive Upwind Scheme for Ideal Magnetohydrodynamics}",
  journal = jcomp,
     year = 1999,
    month = sep,
   volume = {154},
    pages = {284-309},
      doi = {10.1006/jcph.1999.6299},
   adsurl = {http://adsabs.harvard.edu/abs/1999JCoPh.154..284P},
  adsnote = {Provided by the SAO/NASA Astrophysics Data System}
}

@ARTICLE{Roe:1981,
   author = {{Roe}, P.~L.},
    title = "{Approximate Riemann Solvers, Parameter Vectors, and Difference Schemes.}",
  journal = jcomp,
    month = March,
     year = 1981,
   volume = {43},
    pages = {357-372},
}

@ARTICLE{Ryu:1995a,
   author = {{Ryu}, D. and {Jones}, T.~W.},
    title = "{Numerical magetohydrodynamics in astrophysics: Algorithm and tests for one-dimensional flow`}",
  journal = apj,
   eprint = {arXiv:astro-ph/9404074},
     year = 1995,
    month = mar,
   volume = 442,
    pages = {228-258},
      doi = {10.1086/175437},
   adsurl = {http://adsabs.harvard.edu/abs/1995ApJ...442..228R},
  adsnote = {Provided by the SAO/NASA Astrophysics Data System}
}

@ARTICLE{Ryu:1995b,
   author = {{Ryu}, D. and {Jones}, T.~W. and {Frank}, A.},
    title = "{Numerical Magnetohydrodynamics in Astrophysics: Algorithm and Tests for Multidimensional Flow}",
  journal = apj,
   eprint = {arXiv:astro-ph/9505073},
     year = 1995,
    month = oct,
   volume = 452,
    pages = {785},
      doi = {10.1086/176347},
   adsurl = {http://adsabs.harvard.edu/abs/1995ApJ...452..785R},
  adsnote = {Provided by the SAO/NASA Astrophysics Data System}
}

@ARTICLE{Sod:1978,
   author = {{Sod}, G.~A.},
    title = "{A survey of several finite difference methods for systems of nonlinear hyperbolic conservation laws}",
  journal = jcomp,
     year = 1978,
    month = Apr,
   volume = 27,
    pages = {1-31},
      doi = {10.1016/0021-9991(78)90023-2},
   adsurl = {http://adsabs.harvard.edu/abs/1978JCoPh..27....1S},
  adsnote = {Provided by the SAO/NASA Astrophysics Data System}
}

@ARTICLE{Spicer:1996,
   author = {{Spicer}, D.~S. and {Zalesak}, S.~T. and {L{\"o}hner}, R. and 
	{Curtis}, S.},
    title = "{Simulation of the magnetosphere with a new three dimensional MHD code and adaptive mesh refinement: preliminary results}",
  journal = {Advances in Space Research},
     year = 1996,
    month = jan,
   volume = 18,
    pages = {253-262},
      doi = {10.1016/0273-1177(95)00990-6},
   adsurl = {http://adsabs.harvard.edu/abs/1996AdSpR..18..253S},
  adsnote = {Provided by the SAO/NASA Astrophysics Data System}
}

@ARTICLE{Stone:2008,
   author = {{Stone}, J.~M. and {Gardiner}, T.~A. and {Teuben}, P. and {Hawley}, J.~F. and 
	{Simon}, J.~B.},
    title = "{Athena: A New Code for Astrophysical MHD}",
  journal = {The Astrophysical Journal Supplement Series},
archivePrefix = "arXiv",
   eprint = {0804.0402},
 keywords = {Hydrodynamics, Magnetohydrodynamics: MHD, Methods: Numerical},
     year = 2008,
    month = sep,
   volume = 178,
    pages = {137-177},
      doi = {10.1086/588755},
   adsurl = {http://adsabs.harvard.edu/abs/2008ApJS..178..137S},
  adsnote = {Provided by the SAO/NASA Astrophysics Data System}
}

@ARTICLE{Stone:2009,
   author = {{Stone}, J.~M. and {Gardiner}, T.},
    title = "{A simple unsplit Godunov method for multidimensional MHD}",
  journal = \na,
 keywords = {Magnetohydrodynamics and plasmas, Mathematical procedures and computer techniques},
     year = 2009,
    month = feb,
   volume = 14,
    pages = {139-148},
      doi = {10.1016/j.newast.2008.06.003},
   adsurl = {http://adsabs.harvard.edu/abs/2009NewA...14..139S},
  adsnote = {Provided by the SAO/NASA Astrophysics Data System}
}
@ARTICLE{Streltsov:2008,
   author = {{Streltsov}, A.~V. and {Lotko}, W.},
    title = "{Coupling between density structures, electromagnetic waves and ionospheric feedback in the auroral zone}",
  journal = {Journal of Geophysical Research (Space Physics)},
    month = May,
     year = 2008,
   volume = {113},
   number = {A12},
    pages = {5212},
   adsurl = {http://adsabs.harvard.edu/abs/2008JGRA..11305212S},
  adsnote = {Provided by the SAO/NASA Astrophysics Data System}
}

@MISC{SunEarth,
   title= {Spasce Weather},
   howpublished = {\url{http://now.uiowa.edu/files/now.uiowa.edu/styles/prim_horizontal_640/public/sun-earth-640.jpg?itok=ESKVX0GJ}}
   }

@ARTICLE{Takahashi:2013a,
   author = {{Takahashi}, K. and {Yamada}, S.},
    title = "{Regular and non-regular solutions of the Riemann problem in ideal magnetohydrodynamics}",
  journal = {Journal of Plasma Physics},
archivePrefix = "arXiv",
   eprint = {1210.5584},
 primaryClass = "astro-ph.HE",
     year = 2013,
    month = jun,
   volume = 79,
    pages = {335-356},
      doi = {10.1017/S0022377812001006},
   adsurl = {http://adsabs.harvard.edu/abs/2013JPlPh..79..335T},
  adsnote = {Provided by the SAO/NASA Astrophysics Data System}
}

@ARTICLE{Takahashi:2013b,
   author = {{Takahashi}, K. and {Yamada}, S.},
    title = "{Exact Riemann solver for ideal magnetohydrodynamics that can handle all types of intermediate shocks and switch-on/off waves}",
  journal = {ArXiv e-prints},
archivePrefix = "arXiv",
   eprint = {1310.2330},
 primaryClass = "astro-ph.HE",
 keywords = {Astrophysics - High Energy Astrophysical Phenomena},
     year = 2013,
    month = oct,
   adsurl = {http://adsabs.harvard.edu/abs/2013arXiv1310.2330T},
  adsnote = {Provided by the SAO/NASA Astrophysics Data System}
}

@MISC{Thrust,
  author = "Jared Hoberock and Nathan Bell",
  title = "Thrust: A Parallel Template Library",
  year = "2010",
  url = "http://thrust.github.io/",
  note = "Version 1.7.0"
}

@book{Toro:1999,
   title = "Riemann solvers and numerical methods for fluid dynamics : a practical introduction",
   author = "Toro, E. F.",
   publisher = "Springer",
   address = "Berlin, New York",
   isbn = "3-540-65966-8",
   edition = {2nd},
   year = 1999
}

@ARTICLE{Toro:1994,
   author = {{Toro}, E.~F. and {Spruce}, M. and {Speares}, W.},
    title = "{Restoration of the contact surface in the HLL-Riemann solver}",
  journal = {Shock Waves},
     year = 1994,
    month = mar,
   volume = 4,
    pages = {25-34},
      doi = {10.1007/BF01414629},
   adsurl = {http://adsabs.harvard.edu/abs/1991JCoPh..92..273E},
  adsnote = {Provided by the SAO/NASA Astrophysics Data System}
}

@INPROCEEDINGS{Torrilhon:2002,
   author = {{Torrilhon}, M.},
  title = "{Exact solver and uniqueness conditions for Riemann problems of ideal magnetohydrodynamics.}",
  OPpages = {...},
  crossref = {AppliedMath:2002},
  OPdoi = {...},
}

@PROCEEDINGS{AppliedMath:2002,
  title = {Zurich: Seminar for Applied Mathematics, ETH.},
  booktitle = {Zurich: Seminar for Applied Mathematics, ETH.},
  series = {research report 2002-06.},
  address = {Zurich, Switzerland},
  year = {2002}
}

@ARTICLE{Torrilhon:2003a,
   author = {{Torrilhon}, M.},
    title = "{Uniqueness conditions for Riemann problems of ideal magnetohydrodynamics}",
  journal = {Journal of Plasma Physics},
     year = 2003,
    month = apr,
   volume = 69,
    pages = {253-276},
      doi = {10.1017/S0022377803002186},
   adsurl = {http://adsabs.harvard.edu/abs/2003JPlPh..69..253T},
  adsnote = {Provided by the SAO/NASA Astrophysics Data System}
}

@ARTICLE{Torrilhon:2003b,
   author = {{Torrilhon}, M.},
    title = "{Non-uniform convergence of finite volume schemes for Riemann problems of ideal magnetohydrodynamics}",
  journal = jcomp,
     year = 2003,
    month = nov,
   volume = 192,
    pages = {73-94},
      doi = {10.1016/S0021-9991(03)00347-4},
   adsurl = {http://adsabs.harvard.edu/abs/2003JCoPh.192...73T},
  adsnote = {Provided by the SAO/NASA Astrophysics Data System}
}

@ARTICLE{Toth:2000,
   author = {{T{\'o}th}, G.},
    title = "{The \ensuremath{\mathbf{\nabla} \cdot \mathbf{B} = 0} Constraint in Shock-Capturing Magnetohydrodynamics Codes}",
  journal = jcomp,
    month = Jul,
     year = 2000,
   volume = {161},
    pages = {605-652},
      doi = {10.1006/jcph.2000.6519},
   adsurl = {http://adsabs.harvard.edu/abs/2000JCoPh.161..605T},
  adsnote = {Provided by the SAO/NASA Astrophysics Data System}
}

@ARTICLE{Toth:2011,
   author = {{T{\'o}th}, G. and {van der Holst}, B. and {Sokolov}, I.~V. and 
	{de Zeeuw}, D.~L. and {Gombosi}, T.~I. and {Fang}, F. and {Manchester}, W.~B. and 
	{Meng}, X. and {Najib}, D. and {Powell}, K.~G. and {Stout}, Q.~F. and 
	{Glocer}, A. and {Ma}, Y.-J. and {Opher}, M.},
    title = "{Adaptive numerical algorithms in space weather modeling}",
  journal = jcomp,
    month = Feb,
     year = 2012,
   volume = {231},
    pages = {870-903},
   adsurl = {http://adsabs.harvard.edu/abs/2012JCoPh.231..870T},
  adsnote = {Provided by the SAO/NASA Astrophysics Data System}
}

@ARTICLE{Vedin:2006,
   author = {{Vedin}, J. and {R{\"o}nnmark}, K.},
    title = "{Particle-fluid simulation of the auroral current circuit}",
  journal = {Journal of Geophysical Research (Space Physics)},
    month = Dec,
     year = 2006,
   volume = {111},
   number = {A10},
      eid = {A12201},
    pages = {12201},
      doi = {10.1029/2006JA011826},
   adsurl = {http://adsabs.harvard.edu/abs/2006JGRA..11112201V},
  adsnote = {Provided by the SAO/NASA Astrophysics Data System}
}

@ARTICLE{Zachary:1994,
   author = {{Zachary}, A. and {Malagoli}, A. and {Colella}, P.},
    title = "{A Higher-Order Godunov Method for Multidimensional Ideal Magnetohydrodynamics}",
  journal = {SIAM Journal Scientific Computing},
     year = 1994,
   volume = 15,
   number = {2},
    pages = {263-284},
}